
@book{allen_introduction_2003,
	title = {An introduction to stochastic processes with applications to biology},
	url = {http://www.hit.ac.il/staff/leonidM/stochastic-processes/Chapter-2.pdf},
	urldate = {2015-02-20},
	publisher = {Pearson Education New Jersey},
	author = {Allen, Linda JS},
	year = {2003},
	file = {[PDF] from hit.ac.il:/home/fccoelho/.mozilla/firefox/30fzwl9k.default-1393247042748/zotero/storage/F3CR929W/Allen - 2003 - An introduction to stochastic processes with appli.pdf:application/pdf}
}

@article{higham_algorithmic_2001,
	title = {An algorithmic introduction to numerical simulation of stochastic differential equations},
	volume = {43},
	url = {http://epubs.siam.org/doi/abs/10.1137/S0036144500378302},
	number = {3},
	urldate = {2015-02-20},
	journal = {SIAM review},
	author = {Higham, Desmond J.},
	year = {2001},
	pages = {525--546},
	file = {[PDF] from inria.fr:/home/fccoelho/.mozilla/firefox/30fzwl9k.default-1393247042748/zotero/storage/8NHHADTN/Higham - 2001 - An algorithmic introduction to numerical simulatio.pdf:application/pdf;Snapshot:/home/fccoelho/.mozilla/firefox/30fzwl9k.default-1393247042748/zotero/storage/HFKGMZCT/S0036144500378302.html:text/html}
}

@book{allen_modeling_2007,
	title = {Modeling with {It\^o} stochastic differential equations},
	volume = {22},
	url = {http://books.google.com.br/books?hl=en&lr=&id=w7qyvAH2kaYC&oi=fnd&pg=PP10&dq=modelling+with+It%C3%B4+stochastic+differential+equations&ots=lV98CGttI2&sig=8Nnn-kMlCuQVOKKALmvM3K-7TXU},
	urldate = {2015-02-20},
	publisher = {Springer Science \& Business Media},
	author = {Allen, Edward},
	year = {2007},
	file = {[PDF] from tut.fi:/home/fccoelho/.mozilla/firefox/30fzwl9k.default-1393247042748/zotero/storage/EI55P3EH/Allen - 2007 - Modeling with It√¥ stochastic differential equation.pdf:application/pdf;Snapshot:/home/fccoelho/.mozilla/firefox/30fzwl9k.default-1393247042748/zotero/storage/K3HSJ6FM/books.html:text/html}
}
